<record><leader>00000cas a22000007a 4500</leader><controlfield tag="001">10865941</controlfield><controlfield tag="008">840620c19uu9999scuwr ne      0   a0eng d</controlfield><datafield ind1=" " ind2=" " tag="010"><subfield code="a">sn 84006207 </subfield></datafield><datafield ind1=" " ind2=" " tag="040"><subfield code="a">NSD</subfield><subfield code="b">eng</subfield><subfield code="c">NSD</subfield><subfield code="d">OCLCQ</subfield></datafield><datafield ind1=" " ind2=" " tag="012"><subfield code="m">1</subfield></datafield><datafield ind1="1" ind2=" " tag="022"><subfield code="a">0747-4385</subfield><subfield code="l">0747-4385</subfield><subfield code="2">1</subfield></datafield><datafield ind1=" " ind2=" " tag="032"><subfield code="a">721250</subfield><subfield code="b">USPS</subfield></datafield><datafield ind1=" " ind2=" " tag="037"><subfield code="b">The Low Country Weekly, P.O. Box 1107, Hardeeville, SC 29927</subfield></datafield><datafield ind1=" " ind2=" " tag="042"><subfield code="a">nsdp</subfield></datafield><datafield ind1=" " ind2="4" tag="222"><subfield code="a">The Low country weekly</subfield></datafield><datafield ind1="0" ind2="4" tag="245"><subfield code="a">The Low country weekly.</subfield></datafield><datafield ind1=" " ind2=" " tag="260"><subfield code="a">Hardeeville, S.C. :</subfield><subfield code="b">Buckaroo Publications</subfield></datafield><datafield ind1=" " ind2=" " tag="310"><subfield code="a">Weekly</subfield></datafield><datafield ind1=" " ind2=" " tag="588"><subfield code="a">Description based on: Vol. 5, no. 22 (Wednesday, June 6, 1984).</subfield></datafield><datafield ind1=" " ind2=" " tag="752"><subfield code="a">United States</subfield><subfield code="b">South Carolina</subfield><subfield code="c">Jasper</subfield><subfield code="d">Hardeeville.</subfield></datafield><datafield ind1=" " ind2=" " tag="936"><subfield code="a">June 6, 1984</subfield></datafield><datafield ind1="1" ind2=" " tag="029"><subfield code="a">AU@</subfield><subfield code="b">000025796293</subfield></datafield></record>